@article{Lef++,
  author    = {Sylvain Lefebvre and
               Hugues Hoppe},
  title     = {Parallel controllable texture synthesis},
  journal   = {{ACM} Trans. Graph.},
  volume    = {24},
  number    = {3},
  pages     = {777--786},
  year      = {2005},
  url       = {https://doi.org/10.1145/1073204.1073261},
  doi       = {10.1145/1073204.1073261},
  timestamp = {Tue, 06 Nov 2018 12:51:26 +0100},
  biburl    = {https://dblp.org/rec/bib/journals/tog/LefebvreH05},
  bibsource = {dblp computer science bibliography, https://dblp.org}
}

@article{Ary++,
  author    = {Sunil Arya and
               David M. Mount and
               Nathan S. Netanyahu and
               Ruth Silverman and
               Angela Y. Wu},
  title     = {An Optimal Algorithm for Approximate Nearest Neighbor Searching Fixed
               Dimensions},
  journal   = {J. {ACM}},
  volume    = {45},
  number    = {6},
  pages     = {891--923},
  year      = {1998},
  url       = {https://doi.org/10.1145/293347.293348},
  doi       = {10.1145/293347.293348},
  timestamp = {Wed, 14 Nov 2018 10:35:24 +0100},
  biburl    = {https://dblp.org/rec/bib/journals/jacm/AryaMNSW98},
  bibsource = {dblp computer science bibliography, https://dblp.org}
}
